<?xml version="1.0" encoding="UTF-8"?><collection xmlns="http://www.loc.gov/MARC21/slim"><record><leader>00387nam--2200133-i-4500</leader><controlfield tag="001">000007687</controlfield><controlfield tag="002">20161230</controlfield><controlfield tag="005">20161230201027</controlfield><controlfield tag="008">060222s1000------------r-----000-0-eng-d</controlfield><datafield ind1=" " ind2=" " tag="080"><subfield code="a">541.64</subfield></datafield><datafield ind1=" " ind2=" " tag="245"><subfield code="a">Chimica delle macromolecole.corso tenuto a var enna, villa monastero, 18-30 settembre 1961</subfield></datafield><datafield ind1=" " ind2=" " tag="260"><subfield code="a">Roma, C.N.R., 1963. 379 P</subfield></datafield><datafield ind1=" " ind2=" " tag="490"><subfield code="a">Corsi E Seminari Di Chimica</subfield></datafield><datafield ind1=" " ind2=" " tag="852"><subfield code="a">24292</subfield></datafield></record></collection>